% DRIVE DATASET
@article{Staal2004,
annote = {DRIVE},
author = {Staal, Joes and Abr{\`{a}}moff, Michael D. and Niemeijer, Meindert and Viergever, Max A. and {Van Ginneken}, Bram},
journal = {IEEE Transactions on Medical Imaging},
number = {4},
pages = {501--509},
title = {{Ridge-based vessel segmentation in color images of the retina}},
volume = {23},
year = {2004}
}

@article{zoetmulderDomainTaskspecificTransfer2022,
  title = {Domain- and Task-Specific Transfer Learning for Medical Segmentation Tasks},
  author = {Zoetmulder, Riaan and Gavves, Efstratios and Caan, Matthan and Marquering, Henk},
  year = {2022},
  journal = {Computer Methods and Programs in Biomedicine},
  volume = {214},
  pages = {106539}
}

@inproceedings{
geirhos2018,
title={ImageNet-trained {CNN}s are biased towards texture; increasing shape bias improves accuracy and robustness.},
author={Robert Geirhos and Patricia Rubisch and Claudio Michaelis and Matthias Bethge and Felix A Wichmann and Wieland Brendel},
booktitle={International Conference on Learning Representations},
year={2019}
}

@inproceedings{
islam2021shape,
title={Shape or Texture: Understanding Discriminative Features in {\{}CNN{\}}s},
author={Md Amirul Islam and Matthew Kowal and Patrick Esser and Sen Jia and Bj{\"o}rn Ommer and Konstantinos G. Derpanis and Neil Bruce},
booktitle={International Conference on Learning Representations},
year={2021}
}

@article{viana2025new,
  title={A new dataset for measuring the performance of blood vessel segmentation methods under distribution shifts},
  author={Viana da Silva, Matheus and de Carvalho Santos, Nat{\'a}lia and Ouellette, Julie and Lacoste, Baptiste and Comin, Cesar H},
  journal={Plos one},
  volume={20},
  number={5},
  pages={e0322048},
  year={2025},
  publisher={Public Library of Science San Francisco, CA USA}
}

@article{bohlender2021survey,
  title={A survey on shape-constraint deep learning for medical image segmentation},
  author={Bohlender, Simon and Oksuz, Ilkay and Mukhopadhyay, Anirban},
  journal={IEEE Reviews in Biomedical Engineering},
  volume={16},
  pages={225--240},
  year={2021},
  publisher={IEEE}
}

@article{affane2022robust,
  title={Robust deep 3-D architectures based on vascular patterns for liver vessel segmentation},
  author={Affane, Abir and Lamy, Jonas and Lebre, Marie-Ange and Vacavant, Antoine},
  journal={Informatics in Medicine Unlocked},
  volume={34},
  pages={101111},
  year={2022},
  publisher={Elsevier}
}

@article{hu2024domain,
  title={Domain generalization for retinal vessel segmentation via Hessian-based vector field},
  author={Hu, Dewei and Li, Hao and Liu, Han and Oguz, Ipek},
  journal={Medical image analysis},
  volume={95},
  pages={103164},
  year={2024},
  publisher={Elsevier}
}

@article{heimann2009statistical,
  title={Statistical shape models for 3D medical image segmentation: a review},
  author={Heimann, Tobias and Meinzer, Hans-Peter},
  journal={Medical image analysis},
  volume={13},
  number={4},
  pages={543--563},
  year={2009},
  publisher={Elsevier}
}

@article{cootes1995active,
  title={Active shape models-their training and application},
  author={Cootes, Timothy F and Taylor, Christopher J and Cooper, David H and Graham, Jim},
  journal={Computer vision and image understanding},
  volume={61},
  number={1},
  pages={38--59},
  year={1995},
  publisher={Elsevier}
}

@inproceedings{garret2024deep,
  title={Deep vessel segmentation based on a new combination of vesselness filters},
  author={Garret, Guillaume and Vacavant, Antoine and Frindel, Carole},
  booktitle={2024 IEEE International Symposium on Biomedical Imaging (ISBI)},
  pages={1--5},
  year={2024},
  organization={IEEE}
}

@inproceedings{fu2018frangi,
  title={Frangi-net},
  author={Fu, Weilin and Breininger, Katharina and Schaffert, Roman and Ravikumar, Nishant and W{\"u}rfl, Tobias and Fujimoto, Jim and Moult, Eric and Maier, Andreas},
  booktitle={Bildverarbeitung f{\"u}r die Medizin 2018: Algorithmen-Systeme-Anwendungen. Proceedings des Workshops vom 11. bis 13. M{\"a}rz 2018 in Erlangen},
  pages={341--346},
  year={2018},
  organization={Springer}
}

@inproceedings{volkov2025modification,
  title={Modification of U-Net Architecture Based on Gabor Filters with Trainable Parameters to Improve Biomarker Segmentation on Oct Images},
  author={Volkov, Egor and Averkin, Alexey},
  booktitle={2025 VI International Conference on Neural Networks and Neurotechnologies (NeuroNT)},
  pages={66--68},
  year={2025},
  organization={IEEE}
}

@article{chen2023learnable,
  title={A learnable Gabor Convolution kernel for vessel segmentation},
  author={Chen, Cheng and Zhou, Kangneng and Qi, Siyu and Lu, Tong and Xiao, Ruoxiu},
  journal={Computers in Biology and Medicine},
  volume={158},
  pages={106892},
  year={2023},
  publisher={Elsevier}
}

@article{hu2019topology,
  title={Topology-preserving deep image segmentation},
  author={Hu, Xiaoling and Li, Fuxin and Samaras, Dimitris and Chen, Chao},
  journal={Advances in neural information processing systems},
  volume={32},
  year={2019}
}

@inproceedings{shit2021cldice,
  title={clDice-a novel topology-preserving loss function for tubular structure segmentation},
  author={Shit, Suprosanna and Paetzold, Johannes C and Sekuboyina, Anjany and Ezhov, Ivan and Unger, Alexander and Zhylka, Andrey and Pluim, Josien PW and Bauer, Ulrich and Menze, Bjoern H},
  booktitle={Proceedings of the IEEE/CVF conference on computer vision and pattern recognition},
  pages={16560--16569},
  year={2021}
}

@inproceedings{berger2024topologically,
  title={Topologically faithful multi-class segmentation in medical images},
  author={Berger, Alexander H and Lux, Laurin and Stucki, Nico and B{\"u}rgin, Vincent and Shit, Suprosanna and Banaszak, Anna and Rueckert, Daniel and Bauer, Ulrich and Paetzold, Johannes C},
  booktitle={International Conference on Medical Image Computing and Computer-Assisted Intervention},
  pages={721--731},
  year={2024},
  organization={Springer}
}

@inproceedings{frangi1998multiscale,
  title={Multiscale vessel enhancement filtering},
  author={Frangi, Alejandro F and Niessen, Wiro J and Vincken, Koen L and Viergever, Max A},
  booktitle={International conference on medical image computing and computer-assisted intervention},
  pages={130--137},
  year={1998},
  organization={Springer}
}

@article{sato1998three,
  title={Three-dimensional multi-scale line filter for segmentation and visualization of curvilinear structures in medical images},
  author={Sato, Yoshinobu and Nakajima, Shin and Shiraga, Nobuyuki and Atsumi, Hideki and Yoshida, Shigeyuki and Koller, Thomas and Gerig, Guido and Kikinis, Ron},
  journal={Medical image analysis},
  volume={2},
  number={2},
  pages={143--168},
  year={1998},
  publisher={Elsevier}
}

@article{fraz2012blood,
  title={Blood vessel segmentation methodologies in retinal images--a survey},
  author={Fraz, Muhammad Moazam and Remagnino, Paolo and Hoppe, Andreas and Uyyanonvara, Bunyarit and Rudnicka, Alicja R and Owen, Christopher G and Barman, Sarah A},
  journal={Computer methods and programs in biomedicine},
  volume={108},
  number={1},
  pages={407--433},
  year={2012},
  publisher={Elsevier}
}

% CHASE_DB1 DATASET
@article{Fraz2012ensemble,
author = {Fraz, Muhammad Moazam and Remagnino, Paolo and Hoppe, Andreas and Uyyanonvara, Bunyarit and Rudnicka, Alicja R. and Owen, Christopher G. and Barman, Sarah A.},
journal = {IEEE Transactions on Biomedical Engineering},
number = {9},
pages = {2538--2548},
title = {{An ensemble classification-based approach applied to retinal blood vessel segmentation}},
volume = {59},
year = {2012}
}

@article{jin2022fives,
  title={Fives: A fundus image dataset for artificial intelligence based vessel segmentation},
  author={Jin, Kai and Huang, Xingru and Zhou, Jingxing and Li, Yunxiang and Yan, Yan and Sun, Yibao and Zhang, Qianni and Wang, Yaqi and Ye, Juan},
  journal={Scientific data},
  volume={9},
  number={1},
  pages={475},
  year={2022},
  publisher={Nature Publishing Group UK London}
}

@article{fhima2024lunet,
  title={LUNet: deep learning for the segmentation of arterioles and venules in high resolution fundus images},
  author={Fhima, Jonathan and Van Eijgen, Jan and Moulin-Roms{\'e}e, Marie-Isaline Billen and Brackenier, Helo{\"\i}se and Kulenovic, Hana and Debeuf, Val{\'e}rie and Vangilbergen, Marie and Freiman, Moti and Stalmans, Ingeborg and Behar, Joachim A},
  journal={Physiological Measurement},
  volume={45},
  number={5},
  pages={055002},
  year={2024},
  publisher={IOP Publishing}
}

@inproceedings{wittmann2024simulation,
  title={Simulation-based segmentation of blood vessels in cerebral 3D OCTA images},
  author={Wittmann, Bastian and Glandorf, Lukas and Paetzold, Johannes C and Amiranashvili, Tamaz and W{\"a}lchli, Thomas and Razansky, Daniel and Menze, Bjoern},
  booktitle={International Conference on Medical Image Computing and Computer-Assisted Intervention},
  pages={645--655},
  year={2024},
  organization={Springer}
}

@inproceedings{
mathys2025synthetic,
title={Synthetic Data for Blood Vessel Network Extraction},
author={Jo{\"e}l Mathys and Andreas Plesner and Jorel Elmiger and Roger Wattenhofer},
booktitle={Will Synthetic Data Finally Solve the Data Access Problem?},
year={2025}
}

@article{tetteh2020deepvesselnet,
  title={Deepvesselnet: Vessel segmentation, centerline prediction, and bifurcation detection in 3-d angiographic volumes},
  author={Tetteh, Giles and Efremov, Velizar and Forkert, Nils D and Schneider, Matthias and Kirschke, Jan and Weber, Bruno and Zimmer, Claus and Piraud, Marie and Menze, Bj{\"o}rn H},
  journal={Frontiers in Neuroscience},
  volume={14},
  pages={592352},
  year={2020},
  publisher={Frontiers Media SA}
}

@inproceedings{wittmann2025vesselfm,
  title={vesselFM: A Foundation Model for Universal 3D Blood Vessel Segmentation},
  author={Wittmann, Bastian and Wattenberg, Yannick and Amiranashvili, Tamaz and Shit, Suprosanna and Menze, Bjoern},
  booktitle={Proceedings of the Computer Vision and Pattern Recognition Conference},
  pages={20874--20884},
  year={2025}
}


@article{costa2017end,
  title={End-to-end adversarial retinal image synthesis},
  author={Costa, Pedro and Galdran, Adrian and Meyer, Maria Ines and Niemeijer, Meindert and Abr{\`a}moff, Michael and Mendon{\c{c}}a, Ana Maria and Campilho, Aur{\'e}lio},
  journal={IEEE transactions on medical imaging},
  volume={37},
  number={3},
  pages={781--791},
  year={2017},
  publisher={IEEE}
}


@article{you2022application,
  title={Application of generative adversarial networks (GAN) for ophthalmology image domains: a survey},
  author={You, Aram and Kim, Jin Kuk and Ryu, Ik Hee and Yoo, Tae Keun},
  journal={Eye and Vision},
  volume={9},
  number={1},
  pages={6},
  year={2022},
  publisher={Springer}
}

@article{andreini2021two,
  title={A two-stage gan for high-resolution retinal image generation and segmentation},
  author={Andreini, Paolo and Ciano, Giorgio and Bonechi, Simone and Graziani, Caterina and Lachi, Veronica and Mecocci, Alessandro and Sodi, Andrea and Scarselli, Franco and Bianchini, Monica},
  journal={Electronics},
  volume={11},
  number={1},
  pages={60},
  year={2021},
  publisher={MDPI}
}

@article{tavakkoli2020novel,
  title={A novel deep learning conditional generative adversarial network for producing angiography images from retinal fundus photographs},
  author={Tavakkoli, Alireza and Kamran, Sharif Amit and Hossain, Khondker Fariha and Zuckerbrod, Stewart Lee},
  journal={Scientific Reports},
  volume={10},
  number={1},
  pages={21580},
  year={2020},
  publisher={Nature Publishing Group UK London}
}

@inproceedings{go2024generation,
  title={Generation of structurally realistic retinal fundus images with diffusion models},
  author={Go, Sojung and Ji, Younghoon and Park, Sang Jun and Lee, Soochahn},
  booktitle={Proceedings of the IEEE/CVF conference on computer vision and pattern recognition},
  pages={2335--2344},
  year={2024}
}

@article{guo2025vesseldiffusion,
  title={VesselDiffusion: 3D Vascular Structure Generation Based on Diffusion Model},
  author={Guo, Zhanqiang and Tan, Zimeng and Feng, Jianjiang and Zhou, Jie},
  journal={IEEE Transactions on Medical Imaging},
  year={2025},
  publisher={IEEE}
}

@inproceedings{wang2025vastsd,
  title={Vastsd: Learning 3d vascular tree-state space diffusion model for angiography synthesis},
  author={Wang, Zhifeng and Yi, Renjiao and Wen, Xin and Zhu, Chenyang and Xu, Kai},
  booktitle={Proceedings of the Computer Vision and Pattern Recognition Conference},
  pages={15693--15702},
  year={2025}
}

@inproceedings{peng2022unsupervised,
  title={Unsupervised domain adaptation for cross-modality retinal vessel segmentation via disentangling representation style transfer and collaborative consistency learning},
  author={Peng, Linkai and Lin, Li and Cheng, Pujin and Huang, Ziqi and Tang, Xiaoying},
  booktitle={2022 IEEE 19th International Symposium on Biomedical Imaging (ISBI)},
  pages={1--5},
  year={2022},
  organization={IEEE}
}

@article{chen2023segmentation,
  title={Segmentation-guided domain adaptation and data harmonization of multi-device retinal optical coherence tomography using cycle-consistent generative adversarial networks},
  author={Chen, Shuo and Ma, Da and Lee, Sieun and Yu, Timothy TL and Xu, Gavin and Lu, Donghuan and Popuri, Karteek and Ju, Myeong Jin and Sarunic, Marinko V and Beg, Mirza Faisal},
  journal={Computers in Biology and Medicine},
  volume={159},
  pages={106595},
  year={2023},
  publisher={Elsevier}
}

@article{chen2021real,
  title={Real-time cerebral vessel segmentation in laser speckle contrast image based on unsupervised domain adaptation},
  author={Chen, Heping and Shi, Yan and Bo, Bin and Zhao, Denghui and Miao, Peng and Tong, Shanbao and Wang, Chunliang},
  journal={Frontiers in Neuroscience},
  volume={15},
  pages={755198},
  year={2021},
  publisher={Frontiers Media SA}
}

% ImageNet DATASET
@inproceedings{JiaDeng2009,
author = {{Jia Deng} and {Wei Dong} and Socher, Richard and {Li-Jia Li} and {Kai Li} and {Li Fei-Fei}},
booktitle = {2009 IEEE Conference on Computer Vision and Pattern Recognition},
pages = {248--255},
publisher = {IEEE},
title = {{ImageNet: A large-scale hierarchical image database}},
year = {2009}
}

% ResNet
@inproceedings{he2016deep,
  title={Deep residual learning for image recognition},
  author={He, Kaiming and Zhang, Xiangyu and Ren, Shaoqing and Sun, Jian},
  booktitle={Proceedings of the IEEE conference on computer vision and pattern recognition},
  pages={770--778},
  year={2016}
}
#CLIP
@inproceedings{Radford2021LearningTV,
  title={Learning Transferable Visual Models From Natural Language Supervision},
  author={Alec Radford and Jong Wook Kim and Chris Hallacy and Aditya Ramesh and Gabriel Goh and Sandhini Agarwal and Girish Sastry and Amanda Askell and Pamela Mishkin and Jack Clark and Gretchen Krueger and Ilya Sutskever},
  booktitle={International Conference on Machine Learning},
  year={2021}
}
@incollection{MCCLOSKEY1989109,
author = {McCloskey, Michael and Cohen, Neal J},
doi = {https://doi.org/10.1016/S0079-7421(08)60536-8},
editor = {Bower, Gordon H},
issn = {0079-7421},
pages = {109--165},
publisher = {Academic Press},
series = {Psychology of Learning and Motivation},
title = {{Catastrophic Interference in Connectionist Networks: The Sequential Learning Problem}},
volume = {24},
year = {1989}
}
